<record><leader>01999cam a2200469 i 4500</leader><controlfield tag="001">6814014</controlfield><controlfield tag="003">OCoLC</controlfield><controlfield tag="005">20160217112322.0</controlfield><controlfield tag="008">140711t20152015nyua     b    000 0beng  </controlfield><datafield ind1=" " ind2=" " tag="010"><subfield code="a">  2014027644</subfield></datafield><datafield ind1=" " ind2=" " tag="015"><subfield code="a">GBB4E6089</subfield><subfield code="2">bnb</subfield></datafield><datafield ind1="7" ind2=" " tag="016"><subfield code="a">016975415</subfield><subfield code="2">Uk</subfield></datafield><datafield ind1=" " ind2=" " tag="020"><subfield code="a">9781623569648</subfield><subfield code="q">(pbk. ;</subfield><subfield code="q">alk. paper)</subfield></datafield><datafield ind1=" " ind2=" " tag="020"><subfield code="a">1623569648</subfield><subfield code="q">(pbk. ;</subfield><subfield code="q">alk. paper)</subfield></datafield><datafield ind1=" " ind2=" " tag="020"><subfield code="z">9781623563424</subfield><subfield code="q">(pdf)</subfield></datafield><datafield ind1=" " ind2=" " tag="020"><subfield code="z">9781623562212</subfield><subfield code="q">(epub)</subfield></datafield><datafield ind1=" " ind2=" " tag="035"><subfield code="a">ocn866617365</subfield></datafield><datafield ind1=" " ind2=" " tag="039"><subfield code="a">exclude</subfield></datafield><datafield ind1=" " ind2=" " tag="040"><subfield code="a">DLC</subfield><subfield code="b">eng</subfield><subfield code="e">rda</subfield><subfield code="c">DLC</subfield><subfield code="d">YDX</subfield><subfield code="d">BTCTA</subfield><subfield code="d">BDX</subfield><subfield code="d">YDXCP</subfield><subfield code="d">UKMGB</subfield><subfield code="d">BUF</subfield><subfield code="d">IAK</subfield><subfield code="d">AEU</subfield></datafield><datafield ind1=" " ind2=" " tag="042"><subfield code="a">pcc</subfield></datafield><datafield ind1=" " ind2=" " tag="043"><subfield code="a">n-us---</subfield></datafield><datafield ind1="0" ind2="0" tag="050"><subfield code="a">ML420.G33</subfield><subfield code="b">M87 2015</subfield></datafield><datafield ind1="0" ind2="0" tag="082"><subfield code="a">782.421642092</subfield><subfield code="2">23</subfield></datafield><datafield ind1=" " ind2=" " tag="090"><subfield code="a">ML420 .G33 M87 2015</subfield><subfield code="b">AEGMCT</subfield></datafield><datafield ind1="1" ind2=" " tag="100"><subfield code="a">Murtha, Tara,</subfield><subfield code="e">author.</subfield></datafield><datafield ind1="1" ind2="0" tag="245"><subfield code="a">Ode to Billie Joe /</subfield><subfield code="c">Tara Murtha.</subfield></datafield><datafield ind1=" " ind2="1" tag="264"><subfield code="a">New York :</subfield><subfield code="b">Bloomsbury Academic, an imprint of Bloomsbury Publishing Inc,</subfield><subfield code="c">2015.</subfield></datafield><datafield ind1=" " ind2="4" tag="264"><subfield code="c">&#169;2015</subfield></datafield><datafield ind1=" " ind2=" " tag="300"><subfield code="a">xv, 142 pages :</subfield><subfield code="b">illustrations ;</subfield><subfield code="c">17 cm.</subfield></datafield><datafield ind1=" " ind2=" " tag="336"><subfield code="a">text</subfield><subfield code="b">txt</subfield><subfield code="2">rdacontent</subfield></datafield><datafield ind1=" " ind2=" " tag="337"><subfield code="a">unmediated</subfield><subfield code="b">n</subfield><subfield code="2">rdamedia</subfield></datafield><datafield ind1=" " ind2=" " tag="338"><subfield code="a">volume</subfield><subfield code="b">nc</subfield><subfield code="2">rdacarrier</subfield></datafield><datafield ind1="1" ind2=" " tag="490"><subfield code="a">33 1/3</subfield></datafield><datafield ind1=" " ind2=" " tag="504"><subfield code="a">Includes bibliographical references.</subfield></datafield><datafield ind1="0" ind2=" " tag="505"><subfield code="a">Foreword / by Jill Sobule -- Out of a swamp fog -- Where is Bobbie Gentry? -- The Bobbiebilia -- Chickasaw County child -- Becoming Bobbie Gentry -- "Produced by Kelly Gordon and Bobby Paris" -- The summer of "Ode to Billie Joe" -- Capitol Pre-orders five times as many records as Meet the Beatles -- The Capitol years -- Viva Las Vegas -- What the song didn't tell you, the movie will -- So I'm packin' up and I'm checking out.</subfield></datafield><datafield ind1=" " ind2=" " tag="596"><subfield code="a">56</subfield></datafield><datafield ind1="1" ind2="0" tag="600"><subfield code="a">Gentry, Bobbie.</subfield><subfield code="t">Ode to Billie Joe (Album)</subfield></datafield><datafield ind1="1" ind2="0" tag="600"><subfield code="a">Gentry, Bobbie.</subfield></datafield><datafield ind1=" " ind2="0" tag="650"><subfield code="a">Country musicians</subfield><subfield code="z">United States</subfield><subfield code="v">Biography.</subfield></datafield><datafield ind1=" " ind2="0" tag="830"><subfield code="a">33 1/3.</subfield></datafield><datafield ind1=" " ind2=" " tag="949"><subfield code="a">ML420 .G33 M87 2015</subfield><subfield code="h">GMCA-OS-B</subfield><subfield code="i">1007682030</subfield><subfield code="p">19.30</subfield><subfield code="k">AVAIL_SOON</subfield></datafield><datafield ind1=" " ind2=" " tag="926"><subfield code="a">ML420 .G33 M87 2015</subfield><subfield code="w">LC</subfield><subfield code="c">1</subfield><subfield code="i">1007682030</subfield><subfield code="d">4/1/2016</subfield><subfield code="l">ON_SHELF</subfield><subfield code="m">GR_MAC_CAC</subfield><subfield code="p">$19.30</subfield><subfield code="r">Y</subfield><subfield code="s">Y</subfield><subfield code="t">BOOK</subfield><subfield code="u">2/23/2016</subfield></datafield></record>